\begin{filecontents}

@misc{githubDevWebsite,
	title = {github.dev},
	howpublished = {\url{https://github.dev/}},
	month = {},
	year = {2022},
	note = {(Accessed on 05/29/2022)}
}

@misc{stackblitzcomWebsite,
	title = {stackblitz.com},
	howpublished = {\url{https://stackblitz.com/}},
	month = {},
	year = {2022},
	note = {(Accessed on 05/29/2022)}
}

@misc{gitpodioWebsite,
	title = {gitpod.io},
	howpublished = {\url{https://gitpod.io/}},
	month = {},
	year = {2022},
	note = {(Accessed on 05/29/2022)}
}



\end{filecontents}